@manual{analysis-comission,
	title =
		{Informe de la Comisión de Análisis del Grado en Ingeniería Informática},
	organization = {Facultad de Informática de la Universidad de Murcia},
	year = {2020}
}
